@book{Menezes2001,
  added-at  = {2011-02-14T16:52:54.000+0100},
  author    = {Menezes, Alfred J. and van Oorschot, Paul C. and Vanstone, Scott A.},
  biburl    = {https://www.bibsonomy.org/bibtex/21fb86a3afb62bbb4bc2f94a0299a4d59/fohv},
  interhash = {d5837a554ce2ffd49f551045400e244c},
  intrahash = {1fb86a3afb62bbb4bc2f94a0299a4d59},
  keywords  = {imported},
  publisher = {CRC Press},
  timestamp = {2011-02-14T16:53:01.000+0100},
  title     = {{H}andbook of {A}pplied {C}ryptography},
  year      = 2001
}
@misc{ecdsa,
  author       = {},
  howpublished = {\url{https://en.bitcoin.it/wiki/Elliptic_Curve_Digital_Signature_Algorithm}},
  title        = {Elliptic Curve Digital Signature Algorithm},
  year         = {}
}